
@book{muzerelle_vocabulaire_1985,
	location = {Paris},
	title = {Vocabulaire codicologique : répertoire méthodique des termes français relatifs aux manuscrits},
	series = {Rubricae},
	number = {1},
	publisher = {Éd. Cemi},
	author = {Muzerelle, Dennis},
	date = {1985},
}

@book{maniaci_terminologia_1996,
	location = {Rome},
	title = {Terminologia des libro manoscritto},
	series = {Addenda},
	number = {3},
	publisher = {Istituto centrale per la patologia del libro},
	author = {Maniaci, Marilena},
	date = {1996},
}

@book{ostos_vocabulario_1997,
	location = {Madrid},
	title = {Vocabulario de {codicologÍa} : versión española revisada y aumentada del vocabulaire codicologique},
	series = {Instrumenta bibliologica},
	publisher = {Arco/Libros},
	author = {Ostos, Pilar and Pardo, M. Luisa and Rodríguez, Elena E.},
	date = {1997},
}

@article{bobichon_lexicon_2009,
	title = {Le lexicon : Mise en page et mise en texte des manuscrits hébreux, grecs, latins, romans et arabes},
	url = {https://cel.archives-ouvertes.fr/cel-00377671},
	shorttitle = {Le lexicon},
	abstract = {Le lexicon est une publication pédagogique proposant une vue d'ensemble des dispositifs élaborés dans différentes traditions linguistiques et culturelles (domaines latin, roman, grec, hébreu et arabe) pour la mise en page et la « mise en texte » des manuscrits. Ce dossier pédagogique est le fruit des ateliers animés, depuis 2003, dans le cadre du stage d'initiation au manuscrit médiéval proposé chaque automne par l'{IRHT}.{\textless}br{\textgreater}Il propose une vue d'ensemble des dispositifs élaborés dans différentes traditions linguistiques et culturelles pour la mise en page et la « mise en texte » des manuscrits.{\textless}br{\textgreater}{\textless}br{\textgreater}Bien avant l'invention de l'imprimerie et des outils modernes d'édition, les scribes de l'Antiquité et du Moyen Âge furent confrontés à une série de problèmes qui sont indépendants de l'époque, du milieu culturel, du champ linguistique et du sens de l'écriture : comment favoriser la consultation des textes ? Comment rendre aisément perceptible leur structure, la hiérarchie des éléments qui les constituent, leurs articulations ? Comment mettre en valeur des passages particulièrement remarquables, maintenir une certaine proximité entre le texte et son/ses commentaires(s), disposer les illustrations, signaler erreurs, interpolations, omissions ou emprunts, introduire diverses corrections ?{\textless}br{\textgreater}{\textless}br{\textgreater}L'acuité de ces questions s'est accentuée à mesure que la lecture, dans un premier temps réservée à une élite et pratiquée le plus souvent à haute voix, devenait une activité silencieuse et plus largement répandue. Les solutions mises en œuvre dans les différentes traditions manuscrites obéissent à des considérations pratiques et esthétiques. Leur confrontation met en évidence certaines spécificités, mais aussi des similitudes qui rendent très vraisemblables, en ce domaine comme ailleurs, emprunts et influences. {\textless}br{\textgreater}{\textless}br{\textgreater}Cette confrontation a semblé d'autant plus riche d'enseignements que les questions relatives à la « mise en scène » des manuscrits, se situent au carrefour de l'analyse codicologique, paléographique, et textuelle. Or, dans les travaux consacrés aux différentes traditions manuscrites, elles n'occupent le plus souvent qu'une place annexe, ne donnant lieu qu'à des remarques sporadiques. De ce point de vue, l'ouvrage publié en 1990 sous la direction de H.-J. Martin et J. Vezin (cf. bibliographie), dont ce dossier s'inspire en grande partie, fait exception.{\textless}br{\textgreater}{\textless}br{\textgreater}L'approche comparative adoptée ici est analogue à celle qui structure l'ouvrage récemment publié par l'{IRHT}, sous la direction de Paul Géhin : Lire le manuscrit médiéval, Paris, 2005 (cf. bibliographie). Elle correspond plus généralement à l'ensemble des travaux entrepris dans le cadre de l'{IRHT}, dont les résultats ouvrent de nombreuses pistes de recherche.},
	pages = {81},
	author = {Bobichon, Philippe},
	urldate = {2022-07-25},
	date = {2009},
	langid = {english},
	file = {Full Text PDF:/Users/kellychristensen/Zotero/storage/XSTWB7G2/Bobichon - 2009 - Le lexicon  Mise en page et mise en texte de.pdf:application/pdf;Snapshot:/Users/kellychristensen/Zotero/storage/NH524NHG/cel-00377671.html:text/html},
}

@inproceedings{gabay_segmonto_2021,
	location = {Paris, France},
	title = {{SegmOnto}},
	url = {https://hal.archives-ouvertes.fr/hal-03481089},
	booktitle = {Création de modèle(s) {HTR} pour les documents médiévaux en ancien français et moyen français entre le Xe-{XIVe} siècle},
	publisher = {Ecole nationale des chartes {\textbar} {PSL}},
	author = {Gabay, Simon and Camps, Jean-Baptiste and Pinche, Ariane},
	urldate = {2022-07-25},
	date = {2021-11},
	keywords = {Controlled vocabularies, Handwritten Text Recognition, Manuscript, Manuscrits, Reconnaissance automatique d'écriture manuscrite, Vocabulaire contrôlé},
	file = {HAL Snapshot:/Users/kellychristensen/Zotero/storage/EDZ8FJM7/hal-03481089.html:text/html},
}

@software{noauthor_digipal_2011,
	location = {London},
	title = {{DigiPal} : Digital Resource and Database of Palaeography, Manuscripts and Diplomatic.},
	url = {http://www.digipal.eu/},
	shorttitle = {{DigiPal}},
	date = {2011},
}

@book{gacek_arabic_2001,
	location = {Leiden},
	title = {The arabic manuscript tradition : a glossary of technical terms and bibliography},
	isbn = {{ISBN} 90-04-12061-0},
	series = {Handbook of Oriental Studies},
	pagetotal = {269},
	number = {1, The Near and Middle East},
	publisher = {Brill},
	author = {Gacek, Adam},
	date = {2001},
}

@article{noauthor_glossaire_2002,
	title = {Glossaire codicologique français-arabe},
	volume = {40},
	rights = {free},
	url = {https://www.persee.fr/doc/galim_0753-5015_2002_num_40_1_1563},
	pages = {79--80},
	number = {1},
	journaltitle = {Gazette du livre médiéval},
	urldate = {2022-07-25},
	date = {2002},
	note = {Publisher: Persée - Portail des revues scientifiques en {SHS}},
	file = {Snapshot:/Users/kellychristensen/Zotero/storage/YT5ASFJM/galim_0753-5015_2002_num_40_1_1563.html:text/html},
}

@online{noauthor_team_nodate,
	title = {The team - {SegmOnto} Documentation},
	url = {https://segmonto.github.io/pj/team/},
	urldate = {2022-07-25},
	file = {The team - SegmOnto Documentation:/Users/kellychristensen/Zotero/storage/2RNV576E/team.html:text/html},
}

@inreference{bobichon_caviarder_2011,
	title = {Caviarder},
	url = {http://codicologia.irht.cnrs.fr/theme/liste_theme/413#tr-868},
	booktitle = {Codicologia},
	publisher = {Institut de recherche et d'histoire des textes},
	author = {Bobichon, Philippe},
	urldate = {2022-07-25},
	date = {2011},
}

@inreference{muzerelle_caviarder_2011,
	title = {Caviarder},
	url = {http://codicologia.irht.cnrs.fr/theme/liste_theme/413#tr-868},
	booktitle = {Codicologia},
	publisher = {Institut de recherche et d'histoire des textes},
	author = {Muzerelle, Denis},
	urldate = {2022-07-25},
	date = {2011},
}